% ГОСТ Р 7.0.11-2011, Приложение Б, Книги
@BOOK{Sychev,
  author = {Сычёв, М. С.},
  title = {История Астраханвского казачьего войска: учебное пособие},
  address = {Астрахань},
  publisher = {Волга},
  year = {2009},
  numpages = {231},
  language = {russian}
}

@BOOK{Sokolov,
  author = {Соколов, А. Н. and Сердобинцев, К. С.},
  editor = {Бочарова, В. М.},
  address = {Астрахань},
  publisher = {Калиниградский ЮИ МВД России},
  title = {Гражданское общество: проблемы формирования и развития (философский и юридический аспекты): монография},
  year = {2009},
  numpages = {218},
  language = {russian}
}

@BOOK{Gaidaenko,
  author = {Гайдаенко, Т. А.},
  title = {Маркетинговое управление: принципы управленческих решений и российская практика},
  edition = {3-е изд, перераб. и доп.},
  address = {М.},
  publisher = {Эксмо: МИРБИС},
  year = {2008},
  numpages = {508},
  language = {russian}
}

@BOOK{Lermontov,
  author = {Лермонтов, Михаил Юрьевич},
  title = {Собрание сочинений: в 4 т.},
  address = {М.},
  publisher = {Терра-Кн. клуб},
  year = {2009},
  note = {4 т.},
  language = {russian}
}

@BOOK{Management,
  title = {Управление бизнесом: сборник статей},
  address = {Нижний новгород},
  publisher = {Изд-во Нижегородского университета},
  year = {2009},
  numpages = {243},
  language = {russian}
}

@BOOK{Borozda,
  author = {Борозда, И. В. and Воронин, Н. И. and Бушманов А. В.},
  title = {Лечение сочетанных повреждений таза},
  address = {Владивосток},
  publisher = {Дальнаука},
  year = {2009},
  numpages = {195},
  language = {russian}
}


% ГОСТ Р 7.0.11-2011, Приложение Б, Нормативные правовые акты
@BOOK{Constitution,
  title = {Конституция Российской Федерации: офиц. текст.},
  address = {М.},
  publisher = {Маркетинг},
  year = {2001},
  numpages = {39},
  language = {russian}
}

@BOOK{FamilyCode,
  title = {Семейный кодекс Российской Федерации: [федер. закон: принят Гос. Думой 8 дек. 1995 г.: по состоянию на 3 янв. 2001 г.]},
  address = {СПб.},
  publisher = {Стаун-кантри},
  year = {2001},
  numpages = {94},
  language = {russian}
}

% ГОСТ Р 7.0.11-2011, Приложение Б, Стандарты
@BOOK{Gost.7.1.2003,
  title = {ГОСТ Р 7.1-2003 Система стандартов по информации, библиотечному и издательскому делу. Библиографическая запись. Библиографическое описание. Общие требования и правила составления.},
  address = {М.},
  publisher = {Стандартинформ},
  year = {2004},
  numpages = {48},
  language = {russian}
}

% ГОСТ Р 7.0.11-2011, Приложение Б, Стандарты
@BOOK{Gost.7.0.53,
  title = {ГОСТ Р 7.0.53-2007 Система стандартов по информации, библиотечному и издательскому делу. Издания. Международный стандартный книжный номер. Использование и издательское оформление.},
  address = {М.},
  publisher = {Стандартинформ},
  year = {2007},
  numpages = {5},
  language = {russian}
}

% ГОСТ Р 7.0.11-2011, Приложение Б, Стандарты
@BOOK{Gost.7.0.5.2008,
  title = {ГОСТ Р 7.0.5-2008 Система стандартов по информации, библиотечному и издательскому делу. Библиографическая ссылка. Общие требования и правила составления.},
  address = {М.},
  publisher = {Стандартинформ},
  year = {2008},
  numpages = {19},
  language = {russian}
}

% ГОСТ Р 7.0.11-2011, Приложение Б, Депонированные научные работы
@BOOK{Razumovski,
  author = {Разумовский, В. А. and Андреев, Д. А.},
  title = {Управление маркетинговыми исследованиями в регионе},
  address = {М.},
  year = {2002},
  numpages = {210},
  note = {Деп. в ИНИОН Рос. акад. наук 15.02.02, № 139876},
  language = {russian}
}

% ГОСТ Р 7.0.11-2011, Приложение Б, Диссертации
@BOOK{Lagkueva,
  author = {Лагкуева, Ирина Владимировна},
  title = {Особенности регулирования труда творческих работников театров: дис. ... канд. юрид. наук: 12.00.05},
  address = {М.},
  year = {2009},
  numpages = {168},
  language = {russian}
}

@BOOK{Pokrovski,
  author = {Покровский, Андрей Владимирович},
  title = {Устранимые особенности решений эллиптических уравнений: дис. ... д-ра физ.-мат. наук: 01.01.01},
  address = {М.},
  year = {2008},
  numpages = {178},
  language = {russian}
}

% ГОСТ Р 7.0.11-2011, Приложение Б, Авторефераты диссертаций
@BOOK{Sirotko,
  author = {Сиротко, Владимир Викторович},
  title = {Медико-социальные аспекты городского травматизма в современных условиях : автореф. дис. ... канд. мед. наук : 14.00.33},
  address = {М.},
  year = {2006},
  numpages = {26},
  language = {russian}
}

% ГОСТ Р 7.0.11-2011, Приложение Б, Отчёты о научно-исследовательской работе
@BOOK{Methodology,
  author = {Загорюев, А. Л.},
  title = {Методология и методы изучения военно-профессиональной направленности подростков: отчёт о НИР},
  address = {Екатеринбург},
  institution = {Уральский институт практической психологии},
  year = {2008},
  numpages = {102},
  language = {russian}
}

% ГОСТ Р 7.0.11-2011, Приложение Б, Электронные ресурсы
@BOOK{Encyclopedia,
  title = {Художественная энциклопедия зарубежного классического искусства [Электронный ресурс]},
  address = {М.},
  publisher = {Большая Рос. энкцикл.},
  year = {1996},
  note = {1 электрон. опт. диск (CD-ROM)},
  language = {russian}
}

@ARTICLE{Nasirova,
  author = {Насырова, Г. А.},
  title = {Модели государственного регулирования страховой деятельности [Электронный ресурс]},
  journal = {Вестник Финансовой академии},
  year = {2003},
  number = {4},
  note = {Режим доступа: http://vestnik.fa.ru/4(28)2003/4.html},
  language = {russian}
}

% ГОСТ Р 7.0.11-2011, Приложение Б, Статьи

@ARTICLE{Berestova,
  author = {Берестова, Т. Ф.},
  title = {Поисковые инструмены библиотеки},
  journal = {Библиография},
  year = {2006},
  number = {4},
  pages = {19},
  language = {russian}
}

@ARTICLE{Kriger,
  author = {Кригер, И.},
  title =  {Бумага терпит},
  journal = {Новая газета},
  year = {2009},
  note = {1 июля},
  language = {russian}
}

% Examples from https://verbosus.com/bibtex-style-examples.html
@ARTICLE{Article,
  author   = {Peter Adams},
  title    = {The title of the work},
  journal  = {The name of the journal},
  year     = {1993},
  number   = {2},
  pages    = {201-213},
  month    = {7},
  note     = {An optional note},
  volume   = {4},
  language = {english}
}

@BOOK{Book,
  author    = {Peter Babington}, 
  title     = {The title of the work},
  publisher = {The name of the publisher},
  year      = {1993},
  volume    = {4},
  series    = {10},
  address   = {The address},
  edition   = {3},
  month     = {7},
  note      = {An optional note},
  isbn      = {3257227892},
  language  = {english}
}

@BOOKLET{Booklet,
  title        = {The title of the work},
  author       = {Peter Caxton}, 
  howpublished = {How it was published},
  address      = {The address of the publisher},
  month        = {7},
  year         = {1993},
  note         = {An optional note},
  language     = {english}
}

@CONFERENCE{Conference,
  author       = {Peter Draper}, 
  title        = {The title of the work},
  booktitle    = {The title of the book},
  year         = {1993},
  editor       = {The editor},
  volume       = {4},
  series       = {5},
  pages        = {213},
  address      = {The address of the publisher},
  month        = {7},
  organization = {The organization},
  publisher    = {The publisher},
  note         = {An optional note},
  language     = {english}
}

@INBOOK{Inbook,
  author       = {Peter Eston},
  title        = {The title of the work},
  booktitle    = {Book title},
  chapter      = {8},
  pages        = {201-213},
  publisher    = {The name of the publisher},
  year         = {1993},
  volume       = {4},
  series       = {5},
  address      = {The address of the publisher},
  edition      = {3},
  month        = {7},
  note         = {An optional note},
  language     = {english}
}

@INCOLLECTION{Incollection,
  author       = {Peter Farindon},
  title        = {The title of the work},
  booktitle    = {The title of the book},
  publisher    = {The name of the publisher},
  year         = {1993},
  editor       = {The editor},
  volume       = {4},
  series       = {5},
  chapter      = {8},
  pages        = {201-213},
  address      = {The address of the publisher},
  edition      = {3},
  month        = {7},
  note         = {An optional note},
  language     = {english}
}

@MANUAL{Manual,
  title        = {The title of the work},
  author       = {Peter Gainsford}, 
  organization = {The organization},
  address      = {The address of the publisher},
  edition      = {3},
  month        = {7},
  year         = {1993},
  note         = {An optional note},
  language     = {english}
}

@MASTERSTHESIS{Mastersthesis,
  author       = {Peter Harwood},
  title        = {The title of the work},
  school       = {The school where the thesis was written},
  year         = {1993},
  address      = {The address of the publisher},
  month        = {7},
  note         = {An optional note},
  language     = {english}
}

@MISC{Misc,
  author       = {Peter Isley},
  title        = {The title of the work},
  howpublished = {How it was published},
  month        = {7},
  year         = {1993},
  note         = {An optional note},
  language     = {english}
}

@PHDTHESIS{Phdthesis,
  author       = {Peter Joslin}, 
  title        = {The title of the work},
  school       = {The school where the thesis was written},
  year         = {1993},
  address      = {The address of the publisher},
  month        = {7},
  note         = {An optional note},
  language     = {english}
}

@PROCEEDINGS{Proceedings,
  title        = {The title of the work},
  year         = {1993},
  editor       = {Peter Kidwelly},
  volume       = {4},
  series       = {5},
  address      = {The address of the publisher},
  month        = {7},
  organization = {The organization},
  publisher    = {The name of the publisher},
  note         = {An optional note},
  language     = {english}
}

@TECHREPORT{Techreport,
  author       = {Peter Lambert},
  title        = {The title of the work},
  institution  = {The institution that published},
  year         = {1993},
  number       = {2},
  address      = {The address of the publisher},
  month        = {7},
  note         = {An optional note},
  language     = {english}
}

@UNPUBLISHED{Unpublished,
  author       = {Peter Marcheford}, 
  title        = {The title of the work},
  note         = {An optional note},
  month        = {7},
  year         = {1993},
  language     = {english}
}
% Start task literature -----------------------
@book{Kleppmann2017,
  author    = {Kleppmann, Martin},
  title     = {Designing Data-Intensive Applications: The Big Ideas Behind Reliable, Scalable, and Maintainable Systems},
  publisher = {O’Reilly Media},
  year      = {2017},
}

@book{Hightower2017,
  author    = {Hightower, Kelsey and Burns, Brendan and Beda, Joe},
  title     = {Kubernetes: Up and Running: Dive into the Future of Infrastructure},
  publisher = {O’Reilly Media},
  year      = {2017},
}

@book{Calcote2020,
  author    = {Calcote, Lee and Jory, Zach},
  title     = {Istio: Up and Running: Using a Service Mesh to Connect, Secure, Control, and Observe},
  publisher = {O’Reilly Media},
  year      = {2020},
}

@book{Richardson2018,
  author    = {Richardson, Chris},
  title     = {Microservices Patterns: With Examples in Java},
  publisher = {Manning Publications},
  year      = {2018},
}

@book{Molyneaux2011,
  author    = {Molyneaux, Ian},
  title     = {The Art of Application Performance Testing},
  publisher = {O’Reilly Media},
  year      = {2011},
}

@book{k6book,
  title     = {Mastering k6: Performance Testing for Cloud Native Applications},
  publisher = {Leanpub},
  year      = {2020},
}
% End task literature -----------------------

% Introduction  
@BOOK{Nygard1stEdition,
  author    = {Michael T. Nygard},
  title     = {Release It!},
  edition   = {1st},
  publisher = {Pragmatic Bookshelf},
  year      = {2007},
  langid    = {english},
  isbn = {9780978739218}
}

@online{hystrix_wiki,
  author  = {Netflix, Inc.},
  title   = {Hystrix Wiki},
  url     = {https://github.com/Netflix/Hystrix/wiki/},
  urldate = {2025-03-25},
  note    = {Accessed on 25 March 2025}
}

@online{istio_gluecon2017,
  author    = {Shriram Rajagopalan, Louis Ryan},
  title     = {Introducing Istio},
  year      = {2017},
  url       = {https://istio.io/latest/news/releases/0.x/introducing-istio/},
  urldate   = {2025-03-25},
  note      = {Presentation at GlueCon 2017},
}
% End intro literature ----- 

% start 1.1 

@BOOK{Newman2021,
  author    = {Newman, S.},
  title     = {Building Microservices: Designing Fine-Grained Systems},
  edition   = {2nd},
  publisher = {O’Reilly Media},
  year      = {2021},
  numpages = {612},
  langid    = {english}
}

@ARTICLE{Punithavathy2024,
  author       = {Punithavathy, E. and Priya, N.},
  title        = {Auto retry circuit breaker for enhanced performance in microservice applications},
  journaltitle = {Int. J. of Electrical \& Computer Engineering},
  volume       = {14},
  number       = {2},
  pages        = {2274--2281},
  year         = {2024},
  langid       = {english}
}
@BOOK{Nygard2018,
  author    = {Nygard, M. T.},
  title     = {Release It! Design and Deploy Production-Ready Software},
  edition   = {2nd},
  publisher = {Pragmatic Bookshelf},
  year      = {2018},
  langid    = {english}
}

@ARTICLE{IEEE2023,
  author       = {Gaurav Shekhar},
  title        = {Microservices Design Patterns for Cloud Architecture},
  journaltitle = {SSRG International Journal of Computer Science and Engineering},
  year         = {2024},
  url          = {https://doi.org/10.14445/23488387/IJCSE-V11I9P101},
  note         = {[Электрон. ресурс]. Дата обращения: 24.03.2025},
  langid       = {english}
}
% 1.1.

% 1.2
@online{hoffman2023k3s,
  author       = {HoffmanK},
  title        = {What is K3s? The lightweight Kubernetes distribution},
  year         = {2023},
  organization = {Civo Academy},
  url          = {https://www.civo.com/academy/kubernetes-introduction/what-is-k3s},
  note         = {[Электрон. ресурс]. Дата обращения: 24.03.2025}
}

@online{cncf2020k3s,
  author       = {{Cloud Native Computing Foundation (CNCF)}},
  title        = {Project {k3s} – Lightweight Kubernetes},
  year         = {2020},
  url          = {https://www.cncf.io/projects/k3s/},
  note         = {[Электрон. ресурс]. Дата обращения: 24.03.2025}
}


@article{palavesam2025,
 title={A Comparative Study of Service Mesh Implementations in Kubernetes for Multi-cluster Management},
  volume={40},
  url={https://journaljamcs.com/index.php/JAMCS/article/view/1958},
  DOI={10.9734/jamcs/2025/v40i11958},
  abstractNote={&amp;lt;p&amp;gt;In modern cloud-native applications, managing communication across multiple Kubernetes clusters can be complex. Service meshes, such as Istio, Linkerd, Kuma, and Consul, help address challenges like service discovery, traffic routing, security, and observability in multi-cluster environments. This study compares these leading service meshes based on scalability, security, ease of use, performance, and operational complexity. Istio excels in scalability and advanced traffic management, making it ideal for large-scale, complex applications. Linkerd, with its simplicity and high performance, is well-suited for smaller, less complex setups. Kuma stands out for its flexibility, supporting both Kubernetes and non-Kubernetes environments, and offers built-in multi-cluster capabilities. Consul, known for its strong service discovery features, is particularly effective in hybrid cloud environments, efficiently managing multi-cluster communication. The findings provide actionable insights for organizations seeking to optimize performance, security, and operational efficiency across distributed systems, helping them select the most appropriate service mesh for their specific multi-cluster Kubernetes deployment.&amp;lt;/p&amp;gt;},
  number={1},
  journal={Journal of Advances in Mathematics and Computer Science},
  author={Palavesam, Kuppusamy Vellamadam and Krishnamoorthy, Mahesh Vaijainthymala and S M, Aiswarya},
  year={2025},
  month={01},
  pages={1–16} }

@online{farkiani2022,
  author       = {Farkiani, B.},
  title        = {Service Mesh: Architectures, Applications, and Implementations},
  year         = {2022},
  url          = {https://www.cse.wustl.edu/~jain/cse574-22/ftp/svc_mesh/index.html},
  note         = {[Электрон. ресурс]. Дата обращения: 24.03.2025}
}

% 1.3
@online{darrow2023,
  author       = {Darrow, B.},
  title        = {Istio, the open-source service mesh, becomes a CNCF Graduated Project},
  year         = {2023},
  date         = {2023-09-07},
  organization = {TechCrunch},
  url          = {https://techcrunch.com/2023/09/07/istio-the-open-source-service-mesh-becomes-a-cncf-graduated-project/},
  note         = {[Электрон. ресурс]. Дата обращения: 24.03.2025}
}

@misc{sdiopr2025,
  title        = {sdiopr.s3.ap-south-1.amazonaws.com},
  year         = {2025},
  howpublished = {\url{https://sdiopr.s3.ap-south-1.amazonaws.com}},
  note         = {Дата обращения: 24.03.2025}
}





@ARTICLE{bremler2024performance,
  author       = {Bremler-Barr, Anat and Lavi, Omer and Naor, Yaniv and Rampal, Shaan and Tavori, Joshua},
  title        = {Performance Comparison of Service Mesh Frameworks: the mTLS Test Case},
  journaltitle = {arXiv},
  year         = {2024},
  eprint       = {2411.02267},
  eprinttype   = {arxiv},
  url          = {https://arxiv.org/abs/2411.02267},
  langid       = {english}
}



